<record><leader>00000cas a2200000 a 4500</leader><controlfield tag="001">19086977</controlfield><controlfield tag="008">890131d193019uutnuwr ne      0    0eng d</controlfield><datafield ind1=" " ind2=" " tag="010"><subfield code="a">sn 89058137 </subfield></datafield><datafield ind1=" " ind2=" " tag="040"><subfield code="a">KNP</subfield><subfield code="b">eng</subfield><subfield code="c">KNP</subfield><subfield code="d">TGN</subfield><subfield code="d">OCL</subfield><subfield code="d">OCLCQ</subfield><subfield code="d">OCLCF</subfield><subfield code="d">OCLCO</subfield></datafield><datafield ind1="1" ind2=" " tag="029"><subfield code="a">AU@</subfield><subfield code="b">000020545243</subfield></datafield><datafield ind1=" " ind2=" " tag="042"><subfield code="a">msc</subfield></datafield><datafield ind1=" " ind2=" " tag="043"><subfield code="a">n-us-tn</subfield></datafield><datafield ind1="0" ind2=" " tag="130"><subfield code="a">Press-news (Kenton, Tenn.)</subfield></datafield><datafield ind1="1" ind2="4" tag="245"><subfield code="a">The press-news.</subfield></datafield><datafield ind1=" " ind2=" " tag="260"><subfield code="a">Kenton, Tenn. :</subfield><subfield code="b">Chas. E. Smith,</subfield><subfield code="c">1930-</subfield></datafield><datafield ind1=" " ind2=" " tag="300"><subfield code="a">v. :</subfield><subfield code="b">ill.</subfield></datafield><datafield ind1=" " ind2=" " tag="310"><subfield code="a">Weekly</subfield></datafield><datafield ind1="0" ind2=" " tag="362"><subfield code="a">Vol. 2, no. 2 (Apr. 17, 1930)-</subfield></datafield><datafield ind1=" " ind2=" " tag="500"><subfield code="a">Owner: Chas. E. Smith, Apr. 17, 1930-&lt;Jan. 21, 1932&gt;</subfield></datafield><datafield ind1=" " ind2=" " tag="500"><subfield code="a">Printed by: Herald-Democrat Pub. Co., Trenton, Tenn., July 2, 1931-&lt;Jan. 21, 1932&gt;</subfield></datafield><datafield ind1=" " ind2="0" tag="651"><subfield code="a">Kenton (Tenn.)</subfield><subfield code="v">Newspapers.</subfield></datafield><datafield ind1=" " ind2="0" tag="651"><subfield code="a">Obion County (Tenn.)</subfield><subfield code="v">Newspapers.</subfield></datafield><datafield ind1=" " ind2="7" tag="655"><subfield code="a">Newspapers.</subfield><subfield code="2">fast</subfield><subfield code="0">(OCoLC)fst01423814</subfield></datafield><datafield ind1=" " ind2="7" tag="651"><subfield code="a">Tennessee</subfield><subfield code="z">Kenton.</subfield><subfield code="2">fast</subfield><subfield code="0">(OCoLC)fst01284404</subfield></datafield><datafield ind1=" " ind2="7" tag="651"><subfield code="a">Tennessee</subfield><subfield code="z">Obion County.</subfield><subfield code="2">fast</subfield><subfield code="0">(OCoLC)fst01226005</subfield></datafield><datafield ind1=" " ind2=" " tag="752"><subfield code="a">United States</subfield><subfield code="b">Tennessee</subfield><subfield code="c">Obion</subfield><subfield code="d">Kenton.</subfield></datafield></record>